@string{ACA   = {Acta Crystallogr.\ Sect.~A}}
@string{CP    = {Chem.\ Phys.}}
@string{CPL   = {Chem.\ Phys.\ Lett.}}
@string{IJMPB = {Int.\ J.\ Mod.\ Phys.~B}}
@string{IJQC  = {Int.\ J.\ Quantum Chem.}}
@string{JACS  = {J.\ Am.\ Chem.\ Soc.}}
@string{JCC   = {J.\ Comput.\ Chem.}}
@string{JCP   = {J.\ Chem.\ Phys.}}
@string{JPCA  = {J.\ Phys.\ Chem.~A}}
@string{JPCB  = {J.\ Phys.\ Chem.~B}}
@string{PCCP  = {Phys.\ Chem.\ Chem.\ Phys.}}
@string{PRA   = {Phys.\ Rev.~A}}
@string{PRB   = {Phys.\ Rev.~B}}
@string{PRL   = {Phys.\ Rev. Lett.}}
@string{TCA   = {Theor.\ Chem.\ Acc.}}

@article{Becke:1988,
 author  = {A.~Becke},
 journal = PRA,
 volume  = 38,
 pages   = 3098,
 year    = 1988}

@article{GAPW,
 author  = {G.~Lippert and J.~Hutter and M.~Parrinello},
 journal = TCA,
 volume  = 103,
 pages   = 124,
 year    = 1999}

@article{GAPW:allelectron,
 author  = {M.~Krack and M.~Parrinello},
 journal = PCCP,
 volume  = 2,
 pages   = 2105,
 year    = 2000}

@article{GPW,
 author  = {G.~Lippert and J.~Hutter and M.~Parrinello},
 journal = {Mol.\ Phys.},
 volume  = 92,
 pages   = 477,
 year    = 1997}

@article{GTH:1996,
 author  = {S.~G\"odecker and M.~Teter and J.~Hutter},
 journal = PRB,
 volume  = 54,
 pages   = 1703,
 year    = 1996}

@article{GTH:1998,
 author  = {C.~Hartwigsen and S.~G\"odecker and J.~Hutter},
 journal = PRB,
 volume  = 58,
 pages   = 3641,
 year    = 1998}

@article{Hohenberg:1964,
 author  = {P.~Hohenberg and W.~Kohn},
 journal = PRB,
 volume  = 136,
 pages   = 864,
 year    = 1964}

@article{Kohn:1965,
 author  = {W.~Kohn and L.~J.~Sham},
 journal = PRA,
 volume  = 140,
 pages   = 1133,
 year    = 1965}

@article{LYP:1988,
 author  = {C.~Lee and W.~Yang and R.~G.~Parr},
 journal = PRB,
 volume  = 37,
 pages   = 785,
 year    = 1988}

@article{LYP:1989,
 author  = {B.~Miehlich and A.~Savin and H.~Stoll and H.~Preuss},
 journal = CPL,
 volume  = 157,
 pages   = 200,
 year    = 1989}

@article{Stewart:1982,
 author  = {J.~J.~P.~Stewart and P.~Cs\'asz\'ar and P.~Pulay},
 journal = JCC,
 volume  = 3,
 pages   = 227,
 year    = 1982}
